<record><leader>00000cas a22000007a 4500</leader><controlfield tag="001">35059335</controlfield><controlfield tag="008">960711d19351987okuwr n       0    0eng d</controlfield><datafield ind1=" " ind2=" " tag="010"><subfield code="a">sn 96087929 </subfield></datafield><datafield ind1=" " ind2=" " tag="040"><subfield code="a">OBN</subfield><subfield code="b">eng</subfield><subfield code="c">OBN</subfield><subfield code="d">OCLCQ</subfield><subfield code="d">OCLCO</subfield></datafield><datafield ind1="1" ind2=" " tag="029"><subfield code="a">AU@</subfield><subfield code="b">000012679714</subfield></datafield><datafield ind1=" " ind2=" " tag="042"><subfield code="a">msc</subfield></datafield><datafield ind1=" " ind2=" " tag="043"><subfield code="a">n-us-ok</subfield></datafield><datafield ind1="0" ind2=" " tag="130"><subfield code="a">Leedey star (Leedey, Okla.)</subfield></datafield><datafield ind1="1" ind2="4" tag="245"><subfield code="a">The Leedey star.</subfield></datafield><datafield ind1=" " ind2=" " tag="260"><subfield code="a">Leedey, Okla. :</subfield><subfield code="b">Star Pub. Co.</subfield></datafield><datafield ind1=" " ind2=" " tag="300"><subfield code="a">v.</subfield></datafield><datafield ind1=" " ind2=" " tag="310"><subfield code="a">Weekly</subfield></datafield><datafield ind1="0" ind2=" " tag="362"><subfield code="a">-v. 53, no. 7, (Jan. 12, 1987).</subfield></datafield><datafield ind1="1" ind2=" " tag="362"><subfield code="a">Began in 1935.</subfield></datafield><datafield ind1=" " ind2=" " tag="588"><subfield code="a">Description based on: Vol. 1, no. 7 (Jan. 2, 1936).</subfield></datafield><datafield ind1=" " ind2="0" tag="651"><subfield code="a">Leedey (Okla.)</subfield><subfield code="v">Newspapers.</subfield></datafield><datafield ind1=" " ind2="0" tag="651"><subfield code="a">Dewey County (Okla.)</subfield><subfield code="v">Newspapers.</subfield></datafield><datafield ind1=" " ind2=" " tag="752"><subfield code="a">United States</subfield><subfield code="b">Oklahoma</subfield><subfield code="c">Dewey</subfield><subfield code="d">Leedey.</subfield></datafield><datafield ind1="0" ind2="4" tag="785"><subfield code="t">Cheyenne star and Roger Mills-progress and Cheyenne news</subfield><subfield code="w">(DLC)sn 93066201</subfield><subfield code="w">(OCoLC)29180173</subfield></datafield></record>